<record><leader>00000cas a2200000 a 4500</leader><controlfield tag="001">27646525</controlfield><controlfield tag="008">930301d18661867iluwr ne      0   a0eng c</controlfield><datafield ind1=" " ind2=" " tag="010"><subfield code="a">sn 93055612 </subfield></datafield><datafield ind1=" " ind2=" " tag="040"><subfield code="a">NVF</subfield><subfield code="b">eng</subfield><subfield code="c">NVF</subfield><subfield code="d">OCLCQ</subfield><subfield code="d">NVF</subfield><subfield code="d">OCLCQ</subfield><subfield code="d">NVF</subfield><subfield code="d">OCLCO</subfield><subfield code="d">OCLCF</subfield></datafield><datafield ind1="1" ind2=" " tag="029"><subfield code="a">AU@</subfield><subfield code="b">000020736852</subfield></datafield><datafield ind1=" " ind2=" " tag="042"><subfield code="a">pcc</subfield></datafield><datafield ind1=" " ind2=" " tag="043"><subfield code="a">n-us-il</subfield></datafield><datafield ind1="0" ind2=" " tag="130"><subfield code="a">Jonesboro weekly gazette (Jonesboro, Ill. : 1866)</subfield></datafield><datafield ind1="1" ind2="0" tag="245"><subfield code="a">Jonesboro weekly gazette.</subfield></datafield><datafield ind1="1" ind2="3" tag="246"><subfield code="a">Jonesboro gazette</subfield></datafield><datafield ind1=" " ind2=" " tag="260"><subfield code="a">Jonesboro, Ill. :</subfield><subfield code="b">Perryman &amp; Harris,</subfield><subfield code="c">1866-1867.</subfield></datafield><datafield ind1=" " ind2=" " tag="300"><subfield code="a">v.</subfield></datafield><datafield ind1=" " ind2=" " tag="310"><subfield code="a">Weekly</subfield></datafield><datafield ind1="1" ind2=" " tag="362"><subfield code="a">Began in 1866.</subfield></datafield><datafield ind1="0" ind2=" " tag="362"><subfield code="a">-v. 17, no. 45 (Jan. 26, 1867).</subfield></datafield><datafield ind1=" " ind2=" " tag="530"><subfield code="a">Preservation microfilmed by the University of Illinois at Urbana-Champaign Library as part of the United States Newspaper Program; the year 1866 (on 1 microfilm reel) is available for purchase from OCLC Preservation Service Centers.</subfield></datafield><datafield ind1=" " ind2=" " tag="588"><subfield code="a">Description based on: Vol. 17, no. 16 (July 7, 1866).</subfield></datafield><datafield ind1=" " ind2="0" tag="651"><subfield code="a">Jonesboro (Ill.)</subfield><subfield code="v">Newspapers.</subfield></datafield><datafield ind1=" " ind2="7" tag="655"><subfield code="a">Newspapers.</subfield><subfield code="2">fast</subfield><subfield code="0">(OCoLC)fst01423814</subfield></datafield><datafield ind1=" " ind2="7" tag="651"><subfield code="a">Illinois</subfield><subfield code="z">Jonesboro.</subfield><subfield code="2">fast</subfield><subfield code="0">(OCoLC)fst01883803</subfield></datafield><datafield ind1=" " ind2=" " tag="752"><subfield code="a">United States</subfield><subfield code="b">Illinois</subfield><subfield code="c">Union</subfield><subfield code="d">Jonesboro.</subfield></datafield><datafield ind1="0" ind2="0" tag="780"><subfield code="t">Jonesboro gazette and Egyptian vindicator</subfield><subfield code="w">(DLC)sn 93055611</subfield><subfield code="w">(OCoLC)27646413</subfield></datafield><datafield ind1="0" ind2="0" tag="785"><subfield code="t">Jonesboro gazette (Jonesboro, Ill. : 1867)</subfield><subfield code="w">(DLC)sn 82014344</subfield><subfield code="w">(OCoLC)8776616</subfield></datafield></record>